@book{erickson_introducing_2015,
    address = {Grand Rapids, Michigan},
    edition = {Third edition},
    title = {Introducing {Christian} doctrine},
    isbn = {978-1-4412-2256-5},
    abstract = {This college-level abridgment of Erickson's classic Christian Theology offers students an accessible textbook on Christian doctrine},
    language = {eng},
    publisher = {Baker Academic},
    author = {Erickson, Millard J.},
    editor = {Hustad, L. Arnold},
    year = {2015},
    note = {OCLC: 949819996},
}